@book{JamesS,
  title={Cálculo},
  author={Stewart, James},
  year={2013},
  publisher={Cengage Learning},
  pages = {76-78},
  volume={1}
}

@book{Matematica,
  title={História da matemática},
  author={Boyer, Carl},
  year={1974},
  publisher={Editora da Universidade de São Paulo}
}

@article{importancia,
  title="A importância do cálculo I para os cursos das ciências
exatas e tecnologias",
  author={IESP},
  journal= {Revista Campo do Saber},
  year = {2018}
}

@misc{disciplina,
    title="PROGRAMA DE COMPONENTE CURRICULAR: Cálculo Diferencial e Integral 1 ",
    author={{Universidade Federal de Pernambuco}},
    year = {2002}
    
}
    
@misc{perfil,
    title="Perfil Curricular Ciência da Computação",
    author={{Universidade Federal de Pernambuco}},
    year = {2002}

}